@article{a3c,
  author    = {Volodymyr Mnih and
               Adri{\`{a}} Puigdom{\`{e}}nech Badia and
               Mehdi Mirza and
               Alex Graves and
               Timothy P. Lillicrap and
               Tim Harley and
               David Silver and
               Koray Kavukcuoglu},
  title     = {Asynchronous Methods for Deep Reinforcement Learning},
  journal   = {CoRR},
  volume    = {abs/1602.01783},
  year      = {2016},
  url       = {http://arxiv.org/abs/1602.01783},
  archivePrefix = {arXiv},
  eprint    = {1602.01783},
  timestamp = {Wed, 07 Jun 2017 14:43:09 +0200},
  biburl    = {https://dblp.org/rec/bib/journals/corr/MnihBMGLHSK16},
  bibsource = {dblp computer science bibliography, https://dblp.org}
}

@misc{aigym,
 Author = {Greg Brockman and Vicki Cheung and Ludwig Pettersson and Jonas Schneider and John Schulman and Jie Tang and Wojciech Zaremba},
 Title = {OpenAI Gym},
 Year = {2016},
 Eprint = {arXiv:1606.01540},
}

@article{pytorch,
 title={Automatic differentiation in PyTorch},
 author={Paszke, Adam and Gross, Sam and Chintala, Soumith and Chanan, Gregory and Yang, Edward and DeVito, Zachary and Lin, Zeming and Desmaison, Alban and Antiga, Luca and Lerer, Adam},
 year={2017}
}


@article{dqn,
 author    = {Volodymyr Mnih and
              Koray Kavukcuoglu and
              David Silver and
              Alex Graves and
              Ioannis Antonoglou and
              Daan Wierstra and
              Martin A. Riedmiller},
 title     = {Playing Atari with Deep Reinforcement Learning},
 journal   = {CoRR},
 volume    = {abs/1312.5602},
 year      = {2013},
 url       = {http://arxiv.org/abs/1312.5602},
 archivePrefix = {arXiv},
 eprint    = {1312.5602},
 timestamp = {Wed, 07 Jun 2017 14:43:06 +0200},
 biburl    = {https://dblp.org/rec/bib/journals/corr/MnihKSGAWR13},
 bibsource = {dblp computer science bibliography, https://dblp.org}
}

@misc{karpathy, 
title={(3) “Deep Reinforcement Learning: Pong from Pixels”}, 
url={http://karpathy.github.io/2016/05/31/rl/}, 
journal={Deep Reinforcement Learning: Pong from Pixels}, 
author={Karpathy, Andrej}
}

@misc{a2c, 
title={OpenAI Baselines: ACKTR and A2C}, 
url={https://blog.openai.com/baselines-acktr-a2c/}, 
journal={OpenAI Blog}, 
publisher={OpenAI Blog}, 
author={OpenAI}, 
year={2017}, 
month={Nov}
} 


@article{rainbow,
 author    = {Matteo Hessel and
              Joseph Modayil and
              Hado van Hasselt and
              Tom Schaul and
              Georg Ostrovski and
              Will Dabney and
              Daniel Horgan and
              Bilal Piot and
              Mohammad Gheshlaghi Azar and
              David Silver},
 title     = {Rainbow: Combining Improvements in Deep Reinforcement Learning},
 journal   = {CoRR},
 volume    = {abs/1710.02298},
 year      = {2017},
 url       = {http://arxiv.org/abs/1710.02298},
 archivePrefix = {arXiv},
 eprint    = {1710.02298},
 timestamp = {Wed, 01 Nov 2017 19:05:43 +0100},
 biburl    = {https://dblp.org/rec/bib/journals/corr/abs-1710-02298},
 bibsource = {dblp computer science bibliography, https://dblp.org}
}
